@article{Roentgen1895,
    author    = "Röntgen, Wilhelm Conrad",
    title     = "Ueber eine neue Art von Strahlen (sv: Angående en ny sorts strålning)",
    journal   = "Sonderabbdruck aus den Sitzungsberichten der Würzburger Physik.-medic. Gesellschaft",
    year      = "1895",
    language  = "german"
}

@article{Sweet&Brownell1955,
    author    = "Sweet, W.H. and Brownell, G.L.",
    title     = "Localization of intracranial lesions by scanning with positron-emitting arsenic",
    journal   = "The Jounal of the American Medical Association",
    volume    = "157",
    number    = "14", 
    year      = "1955",
    language  = "english"
}
@article{Phelps_etal1975,
    author    = "Phelps, Michael E. and Hoffman, Edward J. and Mullani, Nizar A. and Ter-Pogossian, Michel M. ",
    title     =  "Application of annihilation coincidence detection to transaxial reconstruction tomography",
    journal   = "Journal of Nuclear Medicine",
    volume    = "16",
    number    = "3",
    year      = "1975",
    language  = "english"
}



@misc{Lapi_PET,
    author    = "Suzanne Lapi",
    title     = "From Antimatter to Disease Detection: The Use of Radioisotopes in the Life Sciences",
    howpublished = "\url{https://www.isotopes.gov/outreach/presentations/PET_isotopes.pdf}",
    language  = "english"
}

@misc{NNDC_wallet,
    author   = "{National Nuclear Data Center}",
    title    = "Nuclear Wallet Cards",
    howpublished = "\url{http://www.nndc.bnl.gov/nudat2/indx_sigma.jsp}",
    year     = "senast uppdaterad 2012",
    note     = "För att söka upp lämpliga isotoper",
    language = "english"
}
