%länk om bibtex:
%https://en.wikibooks.org/wiki/LaTeX/Bibliography_Management#BibTeX
%länk om IEEE:
% www.ieee.org/documents/ieeecitationref.pdf
% http://guides.lib.chalmers.se/IEEE_guide



@article{Gou_etal2014,
    author    = "Guo, Ming and Ehrlicher, Allen J. and Jensen, Mikkel H. and Renz, Malte and Moore, Jeffrey R. and Goldman, Robert D and Weitz, David A.",
    title     = "Probing the Stochastic, Motor-Driven Properties of the Cytoplasm Using Force Spectrum Microscopy",
    journal   = "Cell",
    volume    = "158",
    year      = "2014",
    month     = "8",
    language  = "english"
}
%and  Lippincott-Schwartz, Jennifer and Mackintosh, Frederick C. and


@article{Parry_etal2014,
    author    = "Parry, Bradley R. and Surovtsev, Ivan V. and Cabeen, Matthew T. and O’Hern, Corey S.  and Dufresne, Eric R. and Jacobs-Wagner, Christine",
    title     = "The Bacterial Cytoplasm Has Glass-like Properties and Is Fluidized by Metabolic Activity",
    journal   = "Cell",
    volume    = "156",
    year      = "2014",
    month     = "1",
    language  = "english"
}

@article{Einstein1905,
    author    = "Einstein, Albert",
    title     = "Über die von der molekularkinetischen Theorie der Wärme geforderte Bewegung von in ruhenden Flüssigkeiten suspendierten Teilchen (en: On the motion of small particles suspended in liquids at rest required by the molecular-kinetic theory of heat)",
    journal   = "Annalen der Physik 17, 549",
    volume    = "322",
    issue     = "8",
    month     = "5",
    year      = "1905",
    language  = "german"
}

@article{Brown1828,
    author    = "Brown, Robert",
    title     = "A brief account of microscopical observations made in the months of June, July and August, 1827, on the particles contained in the pollen of plants; and on the general existence of active molecules in organic and inorganic bodies",
    journal   = "The Edinburgh new philosophical journal",
    volume    = "5",
    year      = "1828",
    pages     = "358-371",
    language  = "german"
}



@article{Hofling&Franosch2013,
    author    = "Höfling, Felix and Franosch, Thomas",
    title     = "Anomalous transport in the crowded world of biological cells",
    journal   = "Reports on Progress in Physics",
    volume    = "76",
    year      = "2013",
    month     = "3",
    language  = "english"
}


@misc{SGD_yeast,
    author    = "{Saccharomyces Genome Database (Wiki)}",
    title     = "What are yeast?",
    month     = "6",
    year      = "2015",
    url       = "http://wiki.yeastgenome.org/index.php/What_are_yeast%3F",
    language  = "english"
}

@article{Koster_etal2005,
    author    ="Sarah Köster and Dagmar Steinhauser and Thomas Pfohl",
    title     ="Brownian motion of actin filaments in confining microchannels",
    journal   ="Journal of Physics: Condensed Matter",
    volume    ="17",
    number    ="49",
    url       ="http://stacks.iop.org/0953-8984/17/i=49/a=006",
    year      ="2005",
}

@book{Rice_matstat2006,
    author    = "Rice, John",
    title     = "Mathematical Statistics and Data Analysis",
    publisher = "Brooks/Cole",
    edition   = "3",
    year      = "2005",
    language  = "english"
}

@book{Mazo_Brownian2002,
    author    = "Mazo, M. Robert",
    title     = "Brownian motion",
    publisher = "Oxford University Press",
    year      = "2002",
    language  = "english"
}

