% https://en.wikibooks.org/wiki/LaTeX/Bibliography_Management#biblatex
% https://verbosus.com/bibtex-style-examples.html

@book{Physics_Handbook,
    author    = "Nordling, Carl and Ã–sterman, Jonny",
    title     = "{P}ysics {H}andbook for {S}cience and {E}ngineering",
    year      = "2006",
    publisher = "Studentlitteratur",
    address   = "Lund",
    language  = {swedish}
}

@manual{SR530-manual,
    author    = "{Stanford Research Systems}",
    editortype= " ",
    title     = "SR530, lock-in amplifier maual",
    year      = "1992"
}

@manual{photodiode,
    author    = "Siemens",
    editortype= " ",
    title     = "BPW34 Silicon pin photodiode datasheet",
    year      = "1998"
}

@article{Homocianu2011,
    author    = "Homocianu, Mihaela and Airinei, Anton and  Ortansa Dorohoi, Dana",
    title     = "Solvent Effects on the Electronic Absorption
and Fluorescence Spectra",
    journal   = "Journal of Advanced Research in Physics",
    year      = "2011",
}

@article{Mannekutla2008,
    author    = "Mannekutla, J.R. and  Mulimani, B.G. and Inamdar, S.R.",
    title     = "Solvent effect on absorption and fluorescence spectra of coumarin laser
dyes: Evaluation of ground and excited state dipole moments",
    journal   = "Spectrochimica Acta Part A",
    year      = "2008",
}

@misc{flour_spec,
  author       = {Wikipedia}, 
  title        = {Flourescence Spectroscopy},
  howpublished = {\url{https://en.wikipedia.org/wiki/Fluorescence_spectroscopy#Instrumentation}},
}


@misc{NIST,
  author       = "{National Institute of Standards and Technology (NIST)}", 
  title        = "Basic Atomic Spectroscopic Data",
  howpublished = "\url{http://physics.nist.gov/PhysRefData/Handbook/periodictable.htm}",
}