@misc{labPM,
author = "Skeppsedt, {\"O}rjan and Axelsson, Leif",
title = "K6, Neutron activation of silver",
note = "Reviderad 2010 av Berit Dahl",
language = "swedish"
}

@misc{wiki_silver,
author = "{Wikipedia (en)}",
title = "Isotopes of silver",
note = "LÃ¤st 2016-05-27",
}