@article{Melko-etal2004,
  title = {Aspect-ratio dependence of the spin stiffness of a two-dimensional $\mathrm{XY}$ model},
  author = {Melko, R. G. and Sandvik, A. W. and Scalapino, D. J.},
  journal = {Phys. Rev. B},
  volume = {69},
  issue = {1},
  pages = {014509},
  numpages = {6},
  year = {2004},
  month = {Jan},
  publisher = {American Physical Society},
  doi = {10.1103/PhysRevB.69.014509},
  url = {https://link.aps.org/doi/10.1103/PhysRevB.69.014509}
}

@article{vanHimbergen&Chakravarty1981,
  title = {Helicity modulus and specific heat of classical $\mathrm{XY}$ model in two dimensions},
  author = {Van Himbergen, Johannes E. and Chakravarty, Sudip},
  journal = {Phys. Rev. B},
  volume = {23},
  issue = {1},
  pages = {359--361},
  numpages = {0},
  year = {1981},
  month = {Jan},
  publisher = {American Physical Society},
  doi = {10.1103/PhysRevB.23.359},
  url = {https://link.aps.org/doi/10.1103/PhysRevB.23.359}
}